@article{JasimHiba,
author = {Hiba, Jasim and Hadi, Hiba and Hameed Shnain, Ammar and Hadishaheed, Sarah and Haji, Azizahbt},
year = {2015},
month = {01},
pages = {2393-2835},
title = {BIG DATA AND FIVE V'S CHARACTERISTICS}
}\\


@techreport{manyika11frontier,
  added-at = {2013-03-15T09:48:25.000+0100},
  author = {Manyika, James and Chui, Michael and Brown, Brad and Bughin, Jacques and Dobbs, Richard and Roxburgh, Charles and Byers, Angela Hung},
  biburl = {https://www.bibsonomy.org/bibtex/2cb919811c0adab2e1d359ce1bdbac9d4/sb3000},
  institution = {McKinsey Global Institute},
  interhash = {117de3444c856242c38ab48d24604b52},
  intrahash = {cb919811c0adab2e1d359ce1bdbac9d4},
  keywords = {analytics bigdata mckinsey},
  month = {June},
  timestamp = {2013-07-01T22:02:25.000+0200},
  title = {Big Data: The Next Frontier for Innovation, Competition, and Productivity},
  year = 2011
}\\


@techreport{McKinsey2017ai,
  added-at = {2017-05-28T16:14:36.000+0200},
  author = {{McKinsey}},
  biburl = {https://www.bibsonomy.org/bibtex/2f552517e6c4c067a53f75316c2f75641/flint63},
  file = {McKinsey Web Site:04misc/McKinsey2017ai.pdf:PDF;McKinsey Site:http\://www.mckinsey.com/industries/semiconductors/our-insights/smartening-up-with-artificial-intelligence:URL},
  institution = {McKinsey \& Company},
  interhash = {f3288b9f97295ed3505ff95201e6e235},
  intrahash = {f552517e6c4c067a53f75316c2f75641},
  keywords = {01624 paper embedded ai enterprise factory business economy},
  timestamp = {2017-07-13T17:12:50.000+0200},
  title = {{Smartening up with Artificial Intelligence (AI)---What's in it for Germany and its Industrial Sector?}},
  type = {Report},
  url = {https://www.mckinsey.de/kuenstliche-intelligenz-wird-zum-wachstumsmotor-fuer-deutsche-industrie},
  username = {flint63},
  year = 2017
}\\


@book{10.5555/2823935,
author = {Pierson, Lillian},
title = {Data Science For Dummies},
year = {2015},
isbn = {1118841557},
publisher = {For Dummies},
edition = {1st}
}\\

@book{peng2016art,
  title={The Art of Data Science},
  author={Peng, R.D. and Matsui, E.},
  isbn={9781365061462},
  url={https://books.google.ca/books?id=ZDH9DAEACAAJ},
  year={2016},
  publisher={Lulu.com}
}\\

@article {Leek1314,
	author = {Leek, Jeffery T. and Peng, Roger D.},
	title = {What is the question?},
	volume = {347},
	number = {6228},
	pages = {1314--1315},
	year = {2015},
	doi = {10.1126/science.aaa6146},
	publisher = {American Association for the Advancement of Science},
	issn = {0036-8075},
	URL = {https://science.sciencemag.org/content/347/6228/1314},
	eprint = {https://science.sciencemag.org/content/347/6228/1314.full.pdf},
	journal = {Science}
}\\



@book{peng2012r,
  title={R Programming for Data Science},
  author={Peng, R.D.},
  isbn={9781365056826},
  url={https://books.google.ca/books?id=GSePDAEACAAJ},
  year={2012},
  publisher={Lulu.com}
}\\

@article{schwarz197801,
  added-at = {2009-08-24T15:07:31.000+0200},
  author = {Schwarz, G.},
  biburl = {https://www.bibsonomy.org/bibtex/215b8ffe9f50cb4fca87e30b578ac8f2e/neongod},
  interhash = {6b480223b0df6bd10504863cede240c5},
  intrahash = {15b8ffe9f50cb4fca87e30b578ac8f2e},
  journal = {The Annals of Statistics},
  keywords = {bayesian bic criterion information},
  pages = {461--464},
  timestamp = {2009-08-24T15:07:32.000+0200},
  title = {Estimating the dimension of a model},
  volume = 6,
  year = 1978
}\\



@article{KashmirHill,
author = {Hill, Kashmir},
year = {2012},
month = {01},
pages = {},
title = {How Target Figured Out a Teen Girl Was Pregnant before Her Father Did},
volume = {16},
journal = {Forbes}
}\\

@article{CharlesDuhigg,
author = {Duhigg, Charles},
year = {2012},
month = {01},
pages = {},
title = {How Companies Learn Your Secrets},
journal = {The New York Times}
}\\
