@Book{xie2015,
  title = {Dynamic Documents with {R} and knitr},
  author = {Yihui Xie},
  publisher = {Chapman and Hall/CRC},
  address = {Boca Raton, Florida},
  year = {2015},
  edition = {2nd},
  note = {ISBN 978-1498716963},
  url = {http://yihui.name/knitr/},
}

 @book{Stewart_2016, 
	address={Boston, MA, USA}, 
	edition={Eighth edition},  
	title={Calculus: early transcendentals},  
	ISBN={9781285741550},  
	callNumber={QA303.2 .S7315 2016},  
	publisher={Cengage Learning},  
	author={Stewart, James},  
	year={2016},
}


@book{Stewart_2012, 
	address={Belmont, CA},  
	edition={7th ed},  
	title={Multivariable calculus},  
	ISBN={9780538497879},  
	callNumber={QA303.2 .S735 2012},  
	publisher={Brooks/Cole Cengage Learning},  
	author={Stewart, James}, year={2012}
}


@book{Banerjee_Roy_2014,  
	address={Boca Raton},  
	edition={1st edition},  
	title={Linear algebra and matrix analysis for statistics},  
	ISBN={9780429174131},  
	publisher={CRC Press, Taylor & Francis Group},  
	author={Banerjee, Sudipto and Roy, Anindya},  
	year={2014},  
	language={eng}
}

@book{Boas_2006, 
	address={Hoboken, NJ},  
	edition={3rd ed},  
	title={Mathematical methods in the physical sciences},  
	ISBN={9780471198260},  
	callNumber={QA37.3 .B63 2006},  
	publisher={Wiley},  
	author={Boas, Mary L.},  
	year={2006} }

  @misc{enwiki:1124890855,
    author = "{Wikipedia contributors}",
    title = "Linear algebra --- {Wikipedia}{,} The Free Encyclopedia",
    year = "2022",
    url = "https://en.wikipedia.org/w/index.php?title=Linear_algebra&oldid=1124890855",
    note = "[Online; accessed 27-February-2023]"
  }

@book{Strang_2009, 
	address={Wellesley, Mass},  
	edition={4. ed},  
	title={Introduction to linear algebra},  
	ISBN={9780980232721},  
	publisher={Wellesley-Cambridge Press},  
	author={Strang, Gilbert},  
	year={2009}, language={eng} }

@book{Deisenroth_Faisal_Ong_2020,
	address={Cambridgeâ€¯; New York, NY},
	 title={Mathematics for machine learning}, 
	ISBN={9781108470049}, 
	callNumber={Q325.5 .D45 2020},
	publisher={Cambridge University Press}, 
	author={Deisenroth, Marc Peter and Faisal, A. Aldo and Ong, Cheng Soon}, 
	year={2020},
	url="https://mml-book.github.io/book/mml-book.pdf" }

@book{Caffo_Peng_Leek_2016, 
	address={Milton Keynes}, 
	title={Executive data science: a guide to training and managing the best data scientists}, 
	ISBN={9781365121975}, 
	publisher={Leanpub}, 
	author={Caffo, Brian and Peng, Roger D. and Leek, Robert H.}, 
	year={2016}, 
	language={eng} }
